@inproceedings{ishaq2023design,
  title={Design and Development of a User-Friendly Social Media App using the MERN Stack},
  author={Ishaq, Malik Muzamil and Singh, Priyanshu and Badjatya, Shreshthi and Kumar, Shubham and Tomar, Yashika and Bansal, Shreyansh},
  booktitle={2023 International Conference on Circuit Power and Computing Technologies (ICCPCT)},
  pages={1730--1736},
  year={2023},
  organization={IEEE},
  url={https://ieeexplore.ieee.org/abstract/document/10245371}
}

@inproceedings{tanna2020sentiment,
  title={Sentiment analysis on social media for emotion classification},
  author={Tanna, Dilesh and Dudhane, Manasi and Sardar, Amrut and Deshpande, Kiran and Deshmukh, Neha},
  booktitle={2020 4th International Conference on Intelligent Computing and Control Systems (ICICCS)},
  pages={911--915},
  year={2020},
  organization={IEEE},
  url={https://ieeexplore.ieee.org/abstract/document/9121057}
}

@article{aichner2021twenty,
  title={Twenty-five years of social media: a review of social media applications and definitions from 1994 to 2019},
  author={Aichner, Thomas and Gr{\"u}nfelder, Matthias and Maurer, Oswin and Jegeni, Deni},
  journal={Cyberpsychology, behavior, and social networking},
  volume={24},
  number={4},
  pages={215--222},
  year={2021},
  publisher={Mary Ann Liebert, Inc., publishers 140 Huguenot Street, 3rd Floor New~…},
  url={https://www.liebertpub.com/doi/full/10.1089/cyber.2020.0134}
}

@article{yu2022social,
  title={Social media application as a new paradigm for business communication: the role of COVID-19 knowledge, social distancing, and preventive attitudes},
  author={Yu, Songbo and Abbas, Jaffar and Draghici, Anca and Negulescu, Oriana Helena and Ain, Noor Ul},
  journal={Frontiers in Psychology},
  volume={13},
  pages={903082},
  year={2022},
  publisher={Frontiers},
  url={https://www.frontiersin.org/articles/10.3389/fpsyg.2022.903082/full}
}

@article{go2016but,
  title={But not all social media are the same: Analyzing organizations’ social media usage patterns},
  author={Go, Eun and You, Kyung Han},
  journal={Telematics and Informatics},
  volume={33},
  number={1},
  pages={176--186},
  year={2016},
  publisher={Elsevier},
  url={https://www.sciencedirect.com/science/article/pii/S0736585315000763?casa_token=vh1l369NAAkAAAAA:nH156ZKEI2iTD3S8j8EmMGrpMQjJ83QYXBCWWWZa3ftR2VYYAyE41_T2kZTNYdxQKCQd6IW1Mlk}
}

@article{komito2011social,
  title={Social media and migration: Virtual community 2.0},
  author={Komito, Lee},
  journal={Journal of the American society for information science and technology},
  volume={62},
  number={6},
  pages={1075--1086},
  year={2011},
  publisher={Wiley Online Library},
  url={https://asistdl.onlinelibrary.wiley.com/doi/full/10.1002/asi.21517?casa_token=VeIcJvjONe0AAAAA%3Apyy8-nPSdwZTLVo5nSYc60_BsURSxRcjy-8Hj8oyshLDcMdG-kFDJ6idMtp021fzkIHuT0SA6N4a0rUB}
}

@article{leist2013social,
  title={Social media use of older adults: a mini-review},
  author={Leist, Anja K},
  journal={Gerontology},
  volume={59},
  number={4},
  pages={378--384},
  year={2013},
  publisher={S. Karger AG Basel, Switzerland},
  url={https://karger.com/ger/article/59/4/378/149065/Social-Media-Use-of-Older-Adults-A-Mini-Review}
}

@article{wilkinson2015social,
  title={The social media revolution is changing the conference experience: analytics and trends from eight international meetings},
  author={Wilkinson, Sarah E and Basto, Marnique Y and Perovic, Greta and Lawrentschuk, Nathan and Murphy, Declan G},
  journal={BJU international},
  volume={115},
  number={5},
  pages={839--846},
  year={2015},
  publisher={Wiley Online Library},
  url={https://bjui-journals.onlinelibrary.wiley.com/doi/full/10.1111/bju.12910?casa_token=GGiVEzfSsUIAAAAA%3Av3UijfQOQ8X8CDpB8tNnaApmO98IwRzHn7eOAIEP1gn4VK_Fs3SMdt0HruEIflZhp2ogVl6uXot2IALP}
}

@article{aggarwal2018comparative,
  title={Comparative analysis of MEAN stack and MERN stack.},
  author={Aggarwal, Sanchit and Verma, Jyoti},
  journal={International Journal of Recent Research Aspects},
  volume={5},
  number={1},
  year={2018},
  url={http://www.ijrra.net/Vol5issue1/IJRRA-05-01-26.pdf}
}

@article{aryal2020mern,
  title={MERN stack with modern web practices},
  author={Aryal, Samikshya},
  year={2020}
}

@article{shahbaznezhad2021role,
  title={The role of social media content format and platform in users’ engagement behavior},
  author={Shahbaznezhad, Hamidreza and Dolan, Rebecca and Rashidirad, Mona},
  journal={Journal of Interactive Marketing},
  volume={53},
  number={1},
  pages={47--65},
  year={2021},
  publisher={SAGE Publications Sage CA: Los Angeles, CA},
  url={https://journals.sagepub.com/doi/full/10.1016/j.intmar.2020.05.001}
}

@article{khan2017social,
  title={Social media engagement: What motivates user participation and consumption on YouTube?},
  author={Khan, M Laeeq},
  journal={Computers in human behavior},
  volume={66},
  pages={236--247},
  year={2017},
  publisher={Elsevier},
  url={https://www.sciencedirect.com/science/article/pii/S0747563216306513?casa_token=UFUxQQcvsbUAAAAA:S_qAB3yXjwvxalNT7mTJgmYsP75L5lggbjz78fLMAa-Ak3ANJ9mjF1HBloxYvtc_dkBwc_pdypI}
}

@book{bugl2017learning,
  title={Learning Redux},
  author={Bugl, Daniel},
  year={2017},
  publisher={Packt Publishing Ltd},
  ur={https://books.google.ie/books?hl=en&lr=&id=apZGDwAAQBAJ&oi=fnd&pg=PP1&dq=redux+framework&ots=fypgSx3HpU&sig=zUYLeftlJji6RJ0omcA7LBYj8eA&redir_esc=y#v=onepage&q=redux%20framework&f=false}
}

@inproceedings{agarwal2010information,
  title={Information quality challenges in social media.},
  author={Agarwal, Nitin and Yiliyasi, Yusuf},
  booktitle={ICIQ},
  year={2010}
}

@inproceedings{garzaniti2019effectiveness,
  title={Effectiveness of the scrum methodology for agile development of space hardware},
  author={Garzaniti, Nicola and Briatore, Simone and Fortin, Cl{\'e}ment and Golkar, Alessandro},
  booktitle={2019 IEEE Aerospace Conference},
  pages={1--8},
  year={2019},
  organization={IEEE}
}

@article{kumar2012impact,
  title={Impact of agile methodology on software development process},
  author={Kumar, Gaurav and Bhatia, Pradeep Kumar},
  journal={International Journal of Computer Technology and Electronics Engineering (IJCTEE)},
  volume={2},
  number={4},
  pages={46--50},
  year={2012}
}

@article{altameem2015impact,
  title={Impact of agile methodology on software development},
  author={Altameem, Eman A},
  journal={Computer and Information Science},
  volume={8},
  number={2},
  pages={9},
  year={2015},
  publisher={Canadian Center of Science and Education},
  url={https://pdfs.semanticscholar.org/7a91/0cdcb498461fd533ac7f125546c1d3ec0f28.pdf}
}

@article{darwish2016requirements,
  title={Requirements engineering in scrum framework},
  author={Darwish, Nagy Ramadan and Megahed, Salwa},
  journal={International Journal of Computer Applications},
  volume={149},
  number={8},
  pages={24--29},
  year={2016},
  publisher={Foundation of Computer Science},
  url = {https://www.researchgate.net/profile/Nagy-Ramadan/publication/308186449_Requirements_Engineering_in_Scrum_Framework/links/57de46b008aeea195938d140/Requirements-Engineering-in-Scrum-Framework.pdf}
}

@article{shabbir2016impact,
  title={Impact of social media applications on small business entrepreneurs},
  author={Shabbir, Malik Shahzad and Ghazi, Muhammad Saarim and Mehmood, Attaur Rasool},
  journal={Arabian Journal of Business and Management Review},
  volume={6},
  number={3},
  pages={203--05},
  year={2016},
  url={https://www.researchgate.net/profile/Malik-Shabbir-2/publication/295246692_Impact_of_Social_Media_Applications_on_Small_Business_Entrepreneurs/links/59d4fe3da6fdcc181adc62e1/Impact-of-Social-Media-Applications-on-Small-Business-Entrepreneurs.pdf}
}

@article{jain2014application,
  title={Application of social media in marketing library \& information services: a global perspective},
  author={Jain, Priti},
  journal={International journal of academic research and reflection},
  volume={2},
  number={2},
  pages={25},
  year={2014},
  url={https://www.idpublications.org/wp-content/uploads/2014/07/APPLICATION.pdf}
}

@article{rawat2020reactjs,
  title={ReactJS: A modern web development framework},
  author={Rawat, Prateek and Mahajan, Archana N},
  journal={International Journal of Innovative Science and Research Technology},
  volume={5},
  number={11},
  pages={698--702},
  year={2020},
  url={https://ijisrt.com/assets/upload/files/IJISRT20NOV485.pdf}
}

@article{shah2017node,
  title={Node. js challenges in implementation},
  author={Shah, Hezbullah and Soomro, Tariq Rahim},
  journal={Global Journal of Computer Science and Technology},
  volume={17},
  number={2},
  pages={73--83},
  year={2017},
  url={https://www.researchgate.net/profile/Hezbullah-Shah/publication/318310544_Nodejs_Challenges_in_Implementation/links/59634e42458515a3575451a6/Nodejs-Challenges-in-Implementation.pdf}
}

@book{syed2014beginning,
  title={Beginning Node. js},
  author={Syed, Basarat},
  year={2014},
  publisher={Apress},
  url={https://books.google.ie/books?hl=en&lr=&id=AlknCgAAQBAJ&oi=fnd&pg=PP3&dq=node.js&ots=lWEl2LtSl0&sig=iDKugxf0GAZPkjYggAtbzjoBKmg&redir_esc=y#v=onepage&q=node.js&f=false}
}

@article{peters2017building,
  title={Building rich internet applications with node. js and express. js},
  author={Peters, Christian},
  journal={Rich Internet Applications w/HTML and Javascript},
  pages={15},
  year={2017},
  url={https://uol.de/f/2/dept/informatik/ag/svs/download/reader/reader-seminar-ws2016.pdf#page=18}
}

@inproceedings{zhao2013modeling,
  title={Modeling MongoDB with relational model},
  author={Zhao, Gansen and Huang, Weichai and Liang, Shunlin and Tang, Yong},
  booktitle={2013 Fourth International Conference on Emerging Intelligent Data and Web Technologies},
  pages={115--121},
  year={2013},
  organization={IEEE},
  url={https://ieeexplore.ieee.org/stamp/stamp.jsp?tp=&arnumber=6631603}
}

@inproceedings{ahmed2019authentication,
  title={An authentication based scheme for applications using JSON web token},
  author={Ahmed, Salman and Mahmood, Qamar},
  booktitle={2019 22nd international multitopic conference (INMIC)},
  pages={1--6},
  year={2019},
  organization={IEEE},
  url={https://ieeexplore.ieee.org/stamp/stamp.jsp?tp=&arnumber=9022766}
}

@inproceedings{haekal2016token,
  title={Token-based authentication using JSON web token on SIKASIR RESTful web service},
  author={Haekal, Muhamad and others},
  booktitle={2016 International Conference on Informatics and Computing (ICIC)},
  pages={175--179},
  year={2016},
  organization={IEEE},
  url={https://ieeexplore.ieee.org/stamp/stamp.jsp?tp=&arnumber=10245371}
}

@article{gelens2014gevent,
  title={gevent-socketio Documentation},
  author={Gelens, Jeffrey and Bourget, Alex and Anderson, John},
  journal={Release 0.3},
  volume={1},
  year={2014},
  url={https://buildmedia.readthedocs.org/media/pdf/gevent-socketio/latest/gevent-socketio.pdf}
}

@article{joby2016socket,
  title={Socket Programming-Wi-Fi Chat App for Android Smartphone},
  author={Joby, Abby P},
  journal={Research gate. net},
  year={2016},
  url={https://www.researchgate.net/profile/Abby-P-Joby/publication/303737681_Socket_Programming_WIFI_Chat_APP_For_Android_Smartphone/links/575006f208aefe968db71f16/Socket-Programming-WIFI-Chat-APP-For-Android-Smartphone.pdf}
}

@techreport{fisher2013utilizing,
  title={Utilizing Atlassian JIRA for large-scale software development management},
  author={Fisher, John and Koning, D and Ludwigsen, AP},
  year={2013},
  institution={Lawrence Livermore National Lab.(LLNL), Livermore, CA (United States)},
  url={https://www.osti.gov/servlets/purl/1097750}
}

@article{ozkan2019agile,
  title={Agile project management tools: a brief comprative view},
  author={{\"O}zkan, Deniz and Mishra, Alok},
  journal={Cybernetics and Information Technologies},
  volume={19},
  number={4},
  pages={17--25},
  year={2019},
  publisher={Sciendo},
  url={https://sciendo.com/downloadpdf/journals/cait/19/4/article-p17.pdf}
}

@article{fylaktopoulos2016overview,
  title={An overview of platforms for cloud based development},
  author={Fylaktopoulos, George and Goumas, Georgios and Skolarikis, Michael and Sotiropoulos, Aris and Maglogiannis, Ilias},
  journal={SpringerPlus},
  volume={5},
  pages={1--13},
  year={2016},
  publisher={Springer},
  url={https://link.springer.com/article/10.1186/s40064-016-1688-5}
}

@inproceedings{ssemakula2023low,
  title={A Low-Cost Internet of Things Cloud Based Solution for the Intelligent Rearing of the Black Soldier Fly},
  author={Ssemakula, F and Tumwine, BA Mpeera and Namugwanya, MP and Mbalire, S},
  booktitle={2023 IEEE AFRICON},
  pages={1--6},
  year={2023},
  organization={IEEE},
  url={https://ieeexplore.ieee.org/stamp/stamp.jsp?tp=&arnumber=10293221xd}
}